@InProceedings{Singh_2016_CVPR,
author = {Singh, Saurabh and Hoiem, Derek and Forsyth, David},
title = {Learning to Localize Little Landmarks},
booktitle = {The IEEE Conference on Computer Vision and Pattern Recognition (CVPR)},
month = {June},
year = {2016},
pages={260-269}
},
@article{simonyan2014very,
  title={Very deep convolutional networks for large-scale image recognition},
  author={Simonyan, Karen and Zisserman, Andrew},
  journal={arXiv preprint arXiv:1409.1556},
  year={2014}
},
@article{russakovsky2015imagenet,
  title={Imagenet large scale visual recognition challenge},
  author={Russakovsky, Olga and Deng, Jia and Su, Hao and Krause, Jonathan and Satheesh, Sanjeev and Ma, Sean and Huang, Zhiheng and Karpathy, Andrej and Khosla, Aditya and Bernstein, Michael and others},
  journal={International Journal of Computer Vision},
  volume={115},
  number={3},
  pages={211--252},
  year={2015},
  publisher={Springer}
},
@inproceedings{zeiler2014visualizing,
  title={Visualizing and understanding convolutional networks},
  author={Zeiler, Matthew D and Fergus, Rob},
  booktitle={European conference on computer vision},
  pages={818--833},
  year={2014},
  organization={Springer}
},
@inproceedings{chen2016r,
  title={R-cnn for small object detection},
  author={Chen, Chenyi and Liu, Ming-Yu and Tuzel, Oncel and Xiao, Jianxiong},
  booktitle={Asian conference on computer vision},
  pages={214--230},
  year={2016},
  organization={Springer}
},
@inproceedings{ren2015faster,
  title={Faster r-cnn: Towards real-time object detection with region proposal networks},
  author={Ren, Shaoqing and He, Kaiming and Girshick, Ross and Sun, Jian},
  booktitle={Advances in neural information processing systems},
  pages={91--99},
  year={2015}
},
@inproceedings{eggert2017improving,
  title={Improving small object proposals for company logo detection},
  author={Eggert, Christian and Zecha, Dan and Brehm, Stephan and Lienhart, Rainer},
  booktitle={Proceedings of the 2017 ACM on International Conference on Multimedia Retrieval},
  pages={167--174},
  year={2017},
  organization={ACM}
},
@inproceedings{zuo2015convolutional,
  title={Convolutional recurrent neural networks: Learning spatial dependencies for image representation},
  author={Zuo, Zhen and Shuai, Bing and Wang, Gang and Liu, Xiao and Wang, Xingxing and Wang, Bing and Chen, Yushi},
  booktitle={Proceedings of the IEEE conference on computer vision and pattern recognition workshops},
  pages={18--26},
  year={2015}
},
@article{pan2010survey,
  title={A survey on transfer learning},
  author={Pan, Sinno Jialin and Yang, Qiang and others},
  journal={IEEE Transactions on knowledge and data engineering},
  volume={22},
  number={10},
  pages={1345--1359},
  year={2010},
  publisher={Institute of Electrical and Electronics Engineers, Inc., 345 E. 47 th St. NY NY 10017-2394 USA}
},
@article{hoo2016deep,
  title={Deep convolutional neural networks for computer-aided detection: CNN architectures, dataset characteristics and transfer learning},
  author={Hoo-Chang, Shin and Roth, Holger R and Gao, Mingchen and Lu, Le and Xu, Ziyue and Nogues, Isabella and Yao, Jianhua and Mollura, Daniel and Summers, Ronald M},
  journal={IEEE transactions on medical imaging},
  volume={35},
  number={5},
  pages={1285},
  year={2016},
  publisher={NIH Public Access}
},
@article{srivastava2014dropout,
  title={Dropout: a simple way to prevent neural networks from overfitting},
  author={Srivastava, Nitish and Hinton, Geoffrey and Krizhevsky, Alex and Sutskever, Ilya and Salakhutdinov, Ruslan},
  journal={The Journal of Machine Learning Research},
  volume={15},
  number={1},
  pages={1929--1958},
  year={2014},
  publisher={JMLR. org}
},
@inproceedings{krause20133d,
  title={3d object representations for fine-grained categorization},
  author={Krause, Jonathan and Stark, Michael and Deng, Jia and Fei-Fei, Li},
  booktitle={Proceedings of the IEEE International Conference on Computer Vision Workshops},
  pages={554--561},
  year={2013}
},
@article{girija2016tensorflow,
  title={Tensorflow: Large-scale machine learning on heterogeneous distributed systems},
  author={Girija, Sanjay Surendranath},
  year={2016}
},
@techreport{godil2014performance,
  title={Performance Metrics for Evaluating Object and Human Detection and Tracking Systems},
  author={Godil, Afzal and Bostelman, Roger and Shackleford, Will and Hong, Tsai and Shneier, Michael},
  year={2014}
},
@inproceedings{bengio2012deep,
  title={Deep learning of representations for unsupervised and transfer learning},
  author={Bengio, Yoshua},
  booktitle={Proceedings of ICML Workshop on Unsupervised and Transfer Learning},
  pages={17--36},
  year={2012}
},
@inproceedings{oquab2014learning,
  title={Learning and transferring mid-level image representations using convolutional neural networks},
  author={Oquab, Maxime and Bottou, Leon and Laptev, Ivan and Sivic, Josef},
  booktitle={Proceedings of the IEEE conference on computer vision and pattern recognition},
  pages={1717--1724},
  year={2014}
},
@inproceedings{quinn2018semantic,
  title={Semantic Image Retrieval via Active Grounding of Visual Situations},
  author={Quinn, Max H and Conser, Erik and Witte, Jordan M and Mitchell, Melanie},
  booktitle={Semantic Computing (ICSC), 2018 IEEE 12th International Conference on},
  pages={172--179},
  year={2018},
  organization={IEEE}
},
@inproceedings{xu2015show,
  title={Show, attend and tell: Neural image caption generation with visual attention},
  author={Xu, Kelvin and Ba, Jimmy and Kiros, Ryan and Cho, Kyunghyun and Courville, Aaron and Salakhudinov, Ruslan and Zemel, Rich and Bengio, Yoshua},
  booktitle={International conference on machine learning},
  pages={2048--2057},
  year={2015}
},
@article{erhan2010does,
  title={Why does unsupervised pre-training help deep learning?},
  author={Erhan, Dumitru and Bengio, Yoshua and Courville, Aaron and Manzagol, Pierre-Antoine and Vincent, Pascal and Bengio, Samy},
  journal={Journal of Machine Learning Research},
  volume={11},
  number={Feb},
  pages={625--660},
  year={2010}
},
@inproceedings{krizhevsky2012imagenet,
  title={Imagenet classification with deep convolutional neural networks},
  author={Krizhevsky, Alex and Sutskever, Ilya and Hinton, Geoffrey E},
  booktitle={Advances in neural information processing systems},
  pages={1097--1105},
  year={2012}
},
@inproceedings{girshick2014rich,
  title={Rich feature hierarchies for accurate object detection and semantic segmentation},
  author={Girshick, Ross and Donahue, Jeff and Darrell, Trevor and Malik, Jitendra},
  booktitle={Proceedings of the IEEE conference on computer vision and pattern recognition},
  pages={580--587},
  year={2014}
},
@article{uijlings2013selective,
  title={Selective search for object recognition},
  author={Uijlings, Jasper RR and Van De Sande, Koen EA and Gevers, Theo and Smeulders, Arnold WM},
  journal={International journal of computer vision},
  volume={104},
  number={2},
  pages={154--171},
  year={2013},
  publisher={Springer}
},
@article{kingma2014adam,
  title={Adam: A method for stochastic optimization},
  author={Kingma, Diederik P and Ba, Jimmy},
  journal={arXiv preprint arXiv:1412.6980},
  year={2014}
},
@book{Goodfellow-et-al-2016,
    title={Deep Learning},
    author={Ian Goodfellow and Yoshua Bengio and Aaron Courville},
    publisher={MIT Press},
    note={\url{http://www.deeplearningbook.org}},
    year={2016}
},
@book{hastie-et-al-2014,
    title={An Introduction to Statistical Learning},
    author={Trevor Hastie and Gareth James and Daniela Witten and Robert Tibshirani},
    publisher={Springer},
    year={2014}
},
@book{hastie-et-al-2008,
    title={The Elements of Statistical Learning},
    author={Trevor Hastie and Robert Tibshirani and Jerome Friedman},
    publisher={Springer},
    year={2008}
},
@book{Murphy2012,
    title={Machine Learning},
    author={Kevin Murphy},
    publisher={MIT Press},
    year={2012}
},
@misc{machrisaa2017,
    author = "{Chris Machrisaa}",
    title = {VGG-16 TensorFlow},
    howpublished = {\url{https://github.com/machrisaa/tensorflow-vgg}},
    year=2017,
}


